@article{KleeneNets,
    author = "S. C. Kleene",
    title = "Representation of Events in Nerve Nets and Finite Automata",
    journal = "Automata Studies",
    year = "1965"
}
@book{DBLP:books/daglib/0019552,
    author    = {Peter Linz},
    title     = {An introduction to formal languages and automata (4. ed.)},
    publisher = {Jones and Bartlett Publishers},
    year      = {2006},
    isbn      = {978-0-7637-3798-6},
    pages     = {I-XIII, 1-415},
    bibsource = {DBLP, http://dblp.uni-trier.de}
}
@article{DBLP:journals/jacm/Brzozowski64,
    author    = {Janusz A. Brzozowski},
    title     = {Derivatives of Regular Expressions},
    journal   = {J. ACM},
    volume    = {11},
    number    = {4},
    year      = {1964},
    pages     = {481-494},
    ee        = {http://doi.acm.org/10.1145/321239.321249},
    bibsource = {DBLP, http://dblp.uni-trier.de}
}
@book{DuKo,
    author = "Ding-Shu Du and Ker-I Ko" ,
    title = "Problem Solving in Automata, Languages, and Complexity",
    year = "2001"
}


}

