@article{DBLP:journals/jacm/Brzozowski64,
    author    = {Janusz A. Brzozowski},
    title     = {Derivatives of Regular Expressions},
    journal   = {J. ACM},
    volume    = {11},
    number    = {4},
    year      = {1964},
    pages     = {481-494},
    ee        = {http://doi.acm.org/10.1145/321239.321249},
    bibsource = {DBLP, http://dblp.uni-trier.de}
}

@article{KleeneNets,
    author = {"S. C. Kleene"},
    title = {"Representation of Events in Nerve Nets and Finite Automata"},
    journal = {"Automata Studies"},
    year = {"1965"}
}
@book{DBLP:books/daglib/0019552,
    author    = {Peter Linz},
    title     = {An introduction to formal languages and automata (4. ed.)},
    publisher = {Jones and Bartlett Publishers},
    year      = {2006},
    isbn      = {978-0-7637-3798-6},
    pages     = {I-XIII, 1-415},
    bibsource = {DBLP, http://dblp.uni-trier.de}
}
@article{DBLP:journals/jacm/Brzozowski64,
    author    = {Janusz A. Brzozowski},
    title     = {Derivatives of Regular Expressions},
    journal   = {J. ACM},
    volume    = {11},
    number    = {4},
    year      = {1964},
    pages     = {481-494},
    ee        = {http://doi.acm.org/10.1145/321239.321249},
    bibsource = {DBLP, http://dblp.uni-trier.de}
}
@book{DuKo,
    author = {"Ding-Shu Du and Ker-I Ko"},
    title = {"Problem Solving in Automata, Languages, and Complexity"},
    year = {"2001"}
}


@article{Nerode1958,
    author = {Nerode, Anil},
    citeulike-article-id = {8973952},
    citeulike-linkout-0 = {http://dx.doi.org/http://www.jstor.org/stable/2033204},
    doi = {http://www.jstor.org/stable/2033204},
    journal = {Proceedings of the American Mathematical Society},
    keywords = {grappa-db},
    month = {ao},
    number = {4},
    pages = {541--544},
    posted-at = {2011-03-09 23:15:17},
    priority = {2},
    title = {Linear Automaton Transformations},
    url = {http://dx.doi.org/http://www.jstor.org/stable/2033204},
    volume = {9},
    year = {1958}
}

@inproceedings{DBLP:conf/cpp/CoquandS11,
    author    = {Thierry Coquand and
        Vincent Siles},
    title     = {A Decision Procedure for Regular Expression Equivalence
        in Type Theory},
    booktitle = {CPP},
    year      = {2011},
    pages     = {119-134},
    ee        = {http://dx.doi.org/10.1007/978-3-642-25379-9_11},
    bibsource = {DBLP, http://dblp.uni-trier.de}
}
crossref  = {DBLP:conf/cpp/2011},

          proceedings{DBLP:conf/cpp/2011,
              editor    = {Jean-Pierre Jouannaud and
                  Zhong Shao},
              title     = {Certified Programs and Proofs - First International Conference,
                  CPP 2011, Kenting, Taiwan, December 7-9, 2011. Proceedings},
              booktitle = {CPP},
              publisher = {Springer},
              series    = {Lecture Notes in Computer Science},
              volume    = {7086},
              year      = {2011},
              isbn      = {978-3-642-25378-2},
              ee        = {http://dx.doi.org/10.1007/978-3-642-25379-9},
              bibsource = {DBLP, http://dblp.uni-trier.de}
          }



